
003:
@inproceedings{isola-2016-selic,
  author    = {Bran Selic},
  title     = {Are Modelers Programmers?},
  booktitle = {7th International Symposium On 
               Leveraging Applications of Formal Methods, 
               Verification and Validation, ISoLA 2016,
    Corfu, Greece, October 10-14},
  editor    = {T. Margaria and B. Steffen},
  publisher = {Springer},
  series    = {LNCS},
  note      = {These proceedings},
  year      = {2016}
}

041:
@inproceedings{isola-2016-rybicki,
  author    = {Francesca Rybicki and Steven Smyth and Christian 
               Motika and Alexander Schulz-Rosengarten and 
               Reinhard von Hanxleden},
  title     = {Interactive Model-Based Compilation 
               Continued Incremental Hardware Synthesis 
               for {SCCharts}},
  booktitle = {7th International Symposium On 
               Leveraging Applications of Formal Methods, 
               Verification and Validation, ISoLA 2016,
    Corfu, Greece, October 10-14},
  editor    = {T. Margaria and B. Steffen},
  publisher = {Springer},
  series    = {LNCS},
  note      = {These proceedings},
  year      = {2016}
}

089:
@inproceedings{isola-2016-haxthausen,
  author    = {Anne E. Haxthausen and Jan Peleska},
  title     = {On the Feasibility of a Unified Modelling 
               and Programming Paradigm},
  booktitle = {7th International Symposium On 
               Leveraging Applications of Formal Methods, 
               Verification and Validation, ISoLA 2016,
    Corfu, Greece, October 10-14},
  editor    = {T. Margaria and B. Steffen},
  publisher = {Springer},
  series    = {LNCS},
  note      = {These proceedings},
  year      = {2016}
}

091:
@inproceedings{isola-2016-lethbridge,
  author    = {Timothy C. Lethbridge and Vahdat Abdelzad and
               Mahmoud Husseini Orabi and Ahmed Husseini 
               Orabi and Opeyemi Adesina},
  title     = {Merging Modeling and Programming using {Umple}},
  booktitle = {7th International Symposium On 
               Leveraging Applications of Formal Methods, 
               Verification and Validation, ISoLA 2016,
    Corfu, Greece, October 10-14},
  editor    = {T. Margaria and B. Steffen},
  publisher = {Springer},
  series    = {LNCS},
  note      = {These proceedings},
  year      = {2016}
}

092:
@inproceedings{isola-2016-berry,
  author    = {Gerard Berry},
  title     = {Formally Unifying Modeling and Design for
               Embedded Systems - a Personal View},
  booktitle = {7th International Symposium On 
               Leveraging Applications of Formal Methods, 
               Verification and Validation, ISoLA 2016,
    Corfu, Greece, October 10-14},
  editor    = {T. Margaria and B. Steffen},
  publisher = {Springer},
  series    = {LNCS},
  note      = {These proceedings},
  year      = {2016}
}

093:
@inproceedings{isola-2016-larsen,
  author    = {Peter Gorm Larsen and John Fitzgerald and
               Jim Woodcock and Ren\'{e} Nilsson and Carl Gamble 
               and Simon Foster},
  title     = {Towards Semantically Integrated Models and Tools 
               for Cyber-Physical Systems Design},
  booktitle = {7th International Symposium On 
               Leveraging Applications of Formal Methods, 
               Verification and Validation, ISoLA 2016,
    Corfu, Greece, October 10-14},
  editor    = {T. Margaria and B. Steffen},
  publisher = {Springer},
  series    = {LNCS},
  note      = {These proceedings},
  year      = {2016}
}

094:
@inproceedings{isola-2016-elmqvist,
  author    = {Hilding Elmqvist and Toivo Henningsson and 
               Martin Otter},
  title     = {Systems Modeling and Programming 
               in a Unified Environment based on {Julia}},
  booktitle = {7th International Symposium On 
               Leveraging Applications of Formal Methods, 
               Verification and Validation, ISoLA 2016,
    Corfu, Greece, October 10-14},
  editor    = {T. Margaria and B. Steffen},
  publisher = {Springer},
  series    = {LNCS},
  note      = {These proceedings},
  year      = {2016}
}

095:
@inproceedings{isola-2016-elaasar,
  author    = {Maged Elaasar and Omar Baderddin},
  title     = {Comparing Two Approaches Where Modeling 
               Meets Programming: {Alf} and {Umple}},
  booktitle = {7th International Symposium On 
               Leveraging Applications of Formal Methods, 
               Verification and Validation, ISoLA 2016,
    Corfu, Greece, October 10-14},
  editor    = {T. Margaria and B. Steffen},
  publisher = {Springer},
  series    = {LNCS},
  note      = {These proceedings},
  year      = {2016}
}

103:
@inproceedings{isola-2016-lattmann,
  author    = {Zsolt Lattmann and Tam\'{a}s Kecsk\'{e}s and 
               Patrik Meijer and G\'{a}bor Karsai and 
               P\'{e}ter V\"{o}lgyesi and \'{A}kos L\'{e}deczi},
  title     = {Abstractions for Modeling Complex Systems},
  booktitle = {7th International Symposium On 
               Leveraging Applications of Formal Methods, 
               Verification and Validation, ISoLA 2016,
    Corfu, Greece, October 10-14},
  editor    = {T. Margaria and B. Steffen},
  publisher = {Springer},
  series    = {LNCS},
  note      = {These proceedings},
  year      = {2016}
}

104:
@inproceedings{isola-2016-rouquette,
  author    = {Nicolas F. Rouquette},
  title     = {Simplifying {OMG} {MOF}-based Metamodeling},
  booktitle = {7th International Symposium On 
               Leveraging Applications of Formal Methods, 
               Verification and Validation, ISoLA 2016,
    Corfu, Greece, October 10-14},
  editor    = {T. Margaria and B. Steffen},
  publisher = {Springer},
  series    = {LNCS},
  note      = {These proceedings},
  year      = {2016}
}

106:
@inproceedings{isola-2016-seidewitz,
  author    = {Ed Seidewitz},
  title     = {On a Unified View of Modeling and Programming},
  booktitle = {7th International Symposium On 
               Leveraging Applications of Formal Methods, 
               Verification and Validation, ISoLA 2016,
    Corfu, Greece, October 10-14},
  editor    = {T. Margaria and B. Steffen},
  publisher = {Springer},
  series    = {LNCS},
  note      = {These proceedings},
  year      = {2016}
}

107:
@inproceedings{isola-2016-leavens,
  author    = {Gary T. Leavens and David Naumann and Hridesh Rajan, 
               and Tomoyuki Aotani},
  title     = {Specifying and Verifying Advanced Control Features},
  booktitle = {7th International Symposium On 
               Leveraging Applications of Formal Methods, 
               Verification and Validation, ISoLA 2016,
    Corfu, Greece, October 10-14},
  editor    = {T. Margaria and B. Steffen},
  publisher = {Springer},
  series    = {LNCS},
  note      = {These proceedings},
  year      = {2016}
}

110:
@inproceedings{isola-2016-kugler,
  author    = {Hillel Kugler},
  title     = {Unifying Modelling and Programming: 
               A Systems Biology Perspective},
  booktitle = {7th International Symposium On 
               Leveraging Applications of Formal Methods, 
               Verification and Validation, ISoLA 2016,
    Corfu, Greece, October 10-14},
  editor    = {T. Margaria and B. Steffen},
  publisher = {Springer},
  series    = {LNCS},
  note      = {These proceedings},
  year      = {2016}
}
